@misc{LVsurvey2016,
  title = {{Las Vegas Visitor Profile Study 2016}},
  author = {LVCVA},
  year = {2016}
  howpublished = "\url{https://www.lvcva.com/stats-and-facts/visitor-profiles/}"
}

@article{mcinnes2017hdbscan,
  title={hdbscan: Hierarchical density based clustering},
  author={McInnes, Leland and Healy, John and Astels, Steve},
  journal={The Journal of Open Source Software},
  volume={2},
  number={11},
  pages={205},
  year={2017}
}

@inproceedings{tang2009discovery,
  title={Discovery of migration habitats and routes of wild bird species by clustering and association analysis},
  author={Tang, MingJie and Zhou, Yuanchun and Cui, Peng and Wang, Weihang and Li, Jinyan and Zhang, Haiting and Hou, YuanSheng and Yan, BaoPing},
  booktitle={International Conference on Advanced Data Mining and Applications},
  pages={288--301},
  year={2009},
  organization={Springer}
}
@article{shumway1982approach,
  title={An approach to time series smoothing and forecasting using the EM algorithm},
  author={Shumway, Robert H and Stoffer, David S},
  journal={Journal of time series analysis},
  volume={3},
  number={4},
  pages={253--264},
  year={1982},
  publisher={Wiley Online Library}
}
@book{petrisDLM,
  title={Dynamic Linear Models with R},
  author={Petris, Giovanni and Sonia Petrone and Patrizia Campagnoli},
  year={2009},
  publisher={Springer}
}
@Online{adweek2018,
 author = {Hays, Katherine},
 year = {2018},
 title = {How direct-to-consumer brands are tearing down and rebuilding the marketing scene},
 journal = {AdWeek},
 url = {https://www.adweek.com/brand-marketing/how-direct-to-consumer-brands-are-tearing-down-and-rebuilding-the-marketing-scene/},
 urldate = {2018-08-01}
}

@Online{lodging2017,
 author = {Johnson, Callie and Freitag, Jan},
 year = {2017},
 title = {Why independent hotels are thriving},
 journal = {Loding Magazine},
 url = {http://lodgingmagazine.com/why-independent-hotels-are-thriving/},
 urldate = {2018-01-01}
}

@Online{hnninde,
 author = {Worgull,Samantha},
 year = {2014},
 title = {Independent vs chain: Which performs better?},
 journal = {Hotel News Now},
 url = {http://www.hotelnewsnow.com/Articles/23584/Independent-vs-chain-Which-performs-better},
 urldate = {2014-08-21}
}

@misc{loggingmag,
  title = {{Independent Hotels See Higher ADRs And Faster Growth},},
  howpublished = "\url{http://lodgingmagazine.com/independent-hotels-see-higher-adrs-and-faster-growth/}",
  year = {2017}, 
  note = "[Online]"
}

@article{williamson1983credible,
  title={Credible commitments: Using hostages to support exchange},
  author={Williamson, Oliver E},
  journal={The American Economic Review},
  volume={73},
  number={4},
  pages={519--540},
  year={1983},
  publisher={JSTOR}
}
@article{klein1981role,
  title={The role of price in guaranteeing quality},
  author={Klein, Benjamin and Leffler, Keith and others},
  journal={Journal of Political Economy},
  volume={89},
  number={4},
  pages={615--641},
  year={1981},
  publisher={BPICS}
}

@article{prim1957shortest,
  title={Shortest connection networks and some generalizations},
  author={Prim, Robert Clay},
  journal={Bell Labs Technical Journal},
  volume={36},
  number={6},
  pages={1389--1401},
  year={1957},
  publisher={Wiley Online Library}
}
@article{alcacer2016zooming,
  title={Zooming in: A practical manual for identifying geographic clusters},
  author={Alc{\'a}cer, Juan and Zhao, Minyuan},
  journal={Strategic Management Journal},
  volume={37},
  number={1},
  pages={10--21},
  year={2016},
  publisher={Wiley Online Library}
}
@article{ou2018large,
  title={Large-scale transit market segmentation with spatial-behavioural features},
  author={Ou, Yuming and Cai, Chen and others},
  journal={Transportation Research Part C: Emerging Technologies},
  volume={90},
  pages={97--113},
  year={2018},
  publisher={Elsevier}
}
@article{bappee2018predicting,
  title={Predicting Crime Using Spatial Features},
  author={Bappee, Fateha Khanam and Junior, Amilcar Soares and Matwin, Stan},
  journal={arXiv preprint arXiv:1803.04474},
  year={2018}
}
@preamble{ " \newcommand{\noop}[1]{} " }
@online{expediapackage2017,
  author = {Tagliatti, Marco},
  title = {{The power of package bookings for hotels}},
  year = 2017,
  url = {https://discover.expediapartnercentral.com/wp-content/uploads/2017/04/ThePowerOfPackageBookingsForHotels.pdf},
  urldate = {2018-05-17}
}

@online{hotelnews2015,
  author = {STR},
  title = {{STR's Census Database Shows 52,000 Hotel for the U.S.}},
  year = 2015,
  url = {https://www.hotelnewsresource.com/article87882.html},
  urldate = {2018-05-17}
}
@online{expedia2018ratings,
  author = {Expedia, Inc.},
  title = {{Star Rating Information}},
  year = 2018,
  url = {https://www.expedia.com/Hotel-Star-Rating-Information},
  urldate = {2018-05-17}
}
@article{wang2018and,
  title={When and How Managers’ Responses to Online Reviews Affect Subsequent Reviews},
  author={Wang, Yang and Chaudhry, Alexander},
  journal={Journal of Marketing Research},
  volume={55},
  number={2},
  pages={163--177},
  year={2018},
  publisher={American Marketing Association}
}

@inproceedings{mcinnes2017accelerated,
  title={Accelerated Hierarchical Density Based Clustering},
  author={McInnes, Leland and Healy, John},
  booktitle={Data Mining Workshops (ICDMW), 2017 IEEE International Conference on},
  pages={33--42},
  year={2017},
  organization={IEEE}
}

@inproceedings{campello2013density,
  title={Density-based clustering based on hierarchical density estimates},
  author={Campello, Ricardo JGB and Moulavi, Davoud and Sander, J{\"o}rg},
  booktitle={Pacific-Asia conference on knowledge discovery and data mining},
  pages={160--172},
  year={2013},
  organization={Springer}
}

@incollection{akerlof1978market,
  title={The market for “lemons”: Quality uncertainty and the market mechanism},
  author={Akerlof, George A},
  booktitle={Uncertainty in Economics},
  pages={235--251},
  year={1978},
  publisher={Elsevier}
}

@incollection{spence1978job,
  title={Job market signaling},
  author={Spence, Michael},
  booktitle={Uncertainty in Economics},
  pages={281--306},
  year={1978},
  publisher={Elsevier}
}

@article{milgrom1986price,
  title={Price and advertising signals of product quality},
  author={Milgrom, Paul and Roberts, John},
  journal={Journal of political economy},
  volume={94},
  number={4},
  pages={796--821},
  year={1986},
  publisher={The University of Chicago Press}
}

@article{erdem1998brand,
  title={Brand equity as a signaling phenomenon},
  author={Erdem, T{\"u}lin and Swait, Joffre},
  journal={Journal of consumer Psychology},
  volume={7},
  number={2},
  pages={131--157},
  year={1998},
  publisher={Wiley Online Library}
}

@article{erdem2008dynamic,
  title={A dynamic model of brand choice when price and advertising signal product quality},
  author={Erdem, T{\"u}lin and Keane, Michael P and Sun, Baohong},
  journal={Marketing Science},
  volume={27},
  number={6},
  pages={1111--1125},
  year={2008},
  publisher={Informs}
}

@article{dellarocas2007exploring,
  title={Exploring the value of online product reviews in forecasting sales: The case of motion pictures},
  author={Dellarocas, Chrysanthos and Zhang, Xiaoquan Michael and Awad, Neveen F},
  journal={Journal of Interactive marketing},
  volume={21},
  number={4},
  pages={23--45},
  year={2007},
  publisher={Wiley Online Library}
}

@article{ye2009sentiment,
  title={Sentiment classification of online reviews to travel destinations by supervised machine learning approaches},
  author={Ye, Qiang and Zhang, Ziqiong and Law, Rob},
  journal={Expert systems with applications},
  volume={36},
  number={3},
  pages={6527--6535},
  year={2009},
  publisher={Elsevier}
}

@inproceedings{mcauley2013amateurs,
  title={From amateurs to connoisseurs: Modeling the evolution of user expertise through online reviews},
  author={McAuley, Julian John and Leskovec, Jure},
  booktitle={Proceedings of the 22nd international conference on World Wide Web},
  pages={897--908},
  year={2013},
  organization={ACM}
}

@article{yang2004online,
  title={Online service quality dimensions and their relationships with satisfaction: A content analysis of customer reviews of securities brokerage services},
  author={Yang, Zhilin and Fang, Xiang},
  journal={International Journal of Service Industry Management},
  volume={15},
  number={3},
  pages={302--326},
  year={2004},
  publisher={Emerald Group Publishing Limited}
}

@article{hu2008online,
  title={Do online reviews affect product sales? The role of reviewer characteristics and temporal effects},
  author={Hu, Nan and Liu, Ling and Zhang, Jie Jennifer},
  journal={Information Technology and Management},
  volume={9},
  number={3},
  pages={201--214},
  year={2008},
  publisher={Springer}
}

@article{li2008self,
  title={Self-selection and information role of online product reviews},
  author={Li, Xinxin and Hitt, Lorin M},
  journal={Information Systems Research},
  volume={19},
  number={4},
  pages={456--474},
  year={2008},
  publisher={INFORMS}
}

@article{koh2010online,
  title={Do online reviews reflect a product’s true perceived quality? An investigation of online movie reviews across cultures},
  author={Koh, Noi Sian and Hu, Nan and Clemons, Eric K},
  journal={Electronic Commerce Research and Applications},
  volume={9},
  number={5},
  pages={374--385},
  year={2010},
  publisher={Elsevier}
}

@inproceedings{hu2006can,
  title={Can online reviews reveal a product's true quality?: Empirical findings and analytical modeling of Online word-of-mouth communication},
  author={Hu, Nan and Pavlou, Paul A and Zhang, Jennifer},
  booktitle={Proceedings of the 7th ACM conference on Electronic commerce},
  pages={324--330},
  year={2006},
  organization={ACM}
}

@article{seiler2017does,
  title={Does Online Word of Mouth Increase Demand?(And How?) Evidence from a Natural Experiment},
  author={Seiler, Stephan and Yao, Song and Wang, Wenbo},
  journal={Marketing Science},
  volume={36},
  number={6},
  pages={838--861},
  year={2017},
  publisher={INFORMS}
}

@article{carpenter2011minimum,
  title={The minimum legal drinking age and public health},
  author={Carpenter, Christopher and Dobkin, Carlos},
  journal={Journal of Economic Perspectives},
  volume={25},
  number={2},
  pages={133--56},
  year={2011}
}

@article{abadie2010synthetic,
  title={Synthetic control methods for comparative case studies: Estimating the effect of California’s tobacco control program},
  author={Abadie, Alberto and Diamond, Alexis and Hainmueller, Jens},
  journal={Journal of the American statistical Association},
  volume={105},
  number={490},
  pages={493--505},
  year={2010},
  publisher={Taylor \& Francis}
}

@article{brodersen2015inferring,
  title={Inferring causal impact using Bayesian structural time-series models},
  author={Brodersen, Kay H and Gallusser, Fabian and Koehler, Jim and Remy, Nicolas and Scott, Steven L and others},
  journal={The Annals of Applied Statistics},
  volume={9},
  number={1},
  pages={247--274},
  year={2015},
  publisher={Institute of Mathematical Statistics}
}

@article{xu2017doctordemand,
  title={The Interplay between Online Reviews and Physician Demand: An Empirical Investigation},
  author={Xu, Yuquian and Armony, Mor and Ghose, Anindya},
  journal={Available at SSRN},
  year={2017}
}
@article{hollenbeck2017advertising,
  title={Advertising Strategy in the Presence of Reviews: An Empirical Analysis},
  author={Hollenbeck, Brett and Moorthy, Sridhar and Proserpio, Davide},
  year={2017}
}
@article{hollenbeck2018,
  title={Online Reputation Mechanisms and the Decreasing Value of Chain Affiliation},
  author={Hollenbeck, Brett},
  journal={Journal of Marketing Research},
  year={In-Press},
  publisher={American Marketing Association}
}

@article{chevalier1997risk,
  title={Risk taking by mutual funds as a response to incentives},
  author={Chevalier, Judith and Ellison, Glenn},
  journal={Journal of Political Economy},
  volume={105},
  number={6},
  pages={1167--1200},
  year={1997},
  publisher={The University of Chicago Press}
}

@techreport{lakonishok1991window,
  title={Window dressing by pension fund managers},
  author={Lakonishok, Josef and Shleifer, Andrei and Thaler, Richard and Vishny, Robert},
  year={1991},
  institution={National Bureau of Economic Research}
}

@article{hellofs1999market,
  title={Market share and customers' perceptions of quality: When can firms grow their way to higher versus lower quality?},
  author={Hellofs, Linda L and Jacobson, Robert},
  journal={The Journal of Marketing},
  pages={16--25},
  year={1999},
  publisher={JSTOR}
}

@article{caminal1996market,
  title={Why market shares matter: An information-based theory},
  author={Caminal, Ramon and Vives, Xavier},
  journal={The RAND Journal of Economics},
  pages={221--239},
  year={1996},
  publisher={JSTOR}
}

@article{chen2011moderated,
  title={Moderated online communities and quality of user-generated content},
  author={Chen, Jianqing and Xu, Hong and Whinston, Andrew B},
  journal={Journal of Management Information Systems},
  volume={28},
  number={2},
  pages={237--268},
  year={2011},
  publisher={Taylor \& Francis}
}

@article{chen2008online,
  title={Online consumer review: Word-of-mouth as a new element of marketing communication mix},
  author={Chen, Yubo and Xie, Jinhong},
  journal={Management science},
  volume={54},
  number={3},
  pages={477--491},
  year={2008},
  publisher={INFORMS}
}

@article{dellarocas2003digitization,
  title={The digitization of word of mouth: Promise and challenges of online feedback mechanisms},
  author={Dellarocas, Chrysanthos},
  journal={Management science},
  volume={49},
  number={10},
  pages={1407--1424},
  year={2003},
  publisher={INFORMS}
}

@article{trusov2009effects,
  title={Effects of word-of-mouth versus traditional marketing: findings from an internet social networking site},
  author={Trusov, Michael and Bucklin, Randolph E and Pauwels, Koen},
  journal={Journal of marketing},
  volume={73},
  number={5},
  pages={90--102},
  year={2009},
  publisher={American Marketing Association}
}

@article{berger2011drives,
  title={What drives immediate and ongoing word of mouth?},
  author={Berger, Jonah and Schwartz, Eric M},
  journal={Journal of Marketing Research},
  volume={48},
  number={5},
  pages={869--880},
  year={2011},
  publisher={American Marketing Association}
}

@article{chen2004impact,
  title={The impact of online recommendations and consumer feedback on sales},
  author={Chen, PeiYu and Wu, ShinYi and Yoon, Jungsun},
  journal={ICIS 2004 Proceedings},
  pages={58},
  year={2004}
}

@article{smyth2010does,
  title={Does tripadvisor makes hotels better},
  author={Smyth, P{\'a}draig Cunningham Barry and Wu, Guangyu and Greene, Derek},
  journal={Derek Greene School of Computer Science \& Informatics, University College Dublin Belfield},
  year={2010}
}

@article{ye2011influence,
  title={The influence of user-generated content on traveler behavior: An empirical investigation on the effects of e-word-of-mouth to hotel online bookings},
  author={Ye, Qiang and Law, Rob and Gu, Bin and Chen, Wei},
  journal={Computers in Human Behavior},
  volume={27},
  number={2},
  pages={634--639},
  year={2011},
  publisher={Elsevier}
}


@article{chen2005third,
  title={Third-party product review and firm marketing strategy},
  author={Chen, Yubo and Xie, Jinhong},
  journal={Marketing Science},
  volume={24},
  number={2},
  pages={218--240},
  year={2005},
  publisher={INFORMS}
}
@article{godes2005firm,
  title={The firm's management of social interactions},
  author={Godes, David and Mayzlin, Dina and Chen, Yubo and Das, Sanjiv and Dellarocas, Chrysanthos and Pfeiffer, Bruce and Libai, Barak and Sen, Subrata and Shi, Mengze and Verlegh, Peeter},
  journal={Marketing Letters},
  volume={16},
  number={3},
  pages={415--428},
  year={2005},
  publisher={Springer}
}

@article{liaukonyte2015television,
  title={Television advertising and online shopping},
  author={Liaukonyte, Jura and Teixeira, Thales and Wilbur, Kenneth C},
  journal={Marketing Science},
  volume={34},
  number={3},
  pages={311--330},
  year={2015},
  publisher={INFORMS}
}
@article{mccarthy2015quality,
  title={Quality ratings and premiums in the Medicare Advantage market},
  author={McCarthy, Ian M and Darden, Michael},
  year={2015}
}
@article{rubin1974estimating,
  title={Estimating causal effects of treatments in randomized and nonrandomized studies.},
  author={Rubin, Donald B},
  journal={Journal of educational Psychology},
  volume={66},
  number={5},
  pages={688},
  year={1974},
  publisher={American Psychological Association}
}

@book{imbens2015causal,
  title={Causal inference in statistics, social, and biomedical sciences},
  author={Imbens, Guido W and Rubin, Donald B},
  year={2015},
  publisher={Cambridge University Press}
}

@article{holland1986sfofisfics,
  title={SfOfiSfiCS OnC COUSO| Inference},
  author={HOLLAND, PAUL W},
  journal={Journal of the American Statistical Association},
  volume={81},
  number={396},
  year={1986}
}
@article{mccrary2008manipulation,
  title={Manipulation of the running variable in the regression discontinuity design: A density test},
  author={McCrary, Justin},
  journal={Journal of econometrics},
  volume={142},
  number={2},
  pages={698--714},
  year={2008},
  publisher={Elsevier}
}


@article{varian2016causal,
  title={Causal inference in economics and marketing},
  author={Varian, Hal R},
  journal={Proceedings of the National Academy of Sciences},
  volume={113},
  number={27},
  pages={7310--7315},
  year={2016},
  publisher={National Acad Sciences}
}
@article{hartmann2011identifying,
  title={Identifying causal marketing mix effects using a regression discontinuity design},
  author={Hartmann, Wesley and Nair, Harikesh S and Narayanan, Sridhar},
  journal={Marketing Science},
  volume={30},
  number={6},
  pages={1079--1097},
  year={2011},
  publisher={INFORMS}
}

@article{ghose2012designing,
  title={Designing ranking systems for hotels on travel search engines by mining user-generated and crowdsourced content},
  author={Ghose, Anindya and Ipeirotis, Panagiotis G and Li, Beibei},
  journal={Marketing Science},
  volume={31},
  number={3},
  pages={493--520},
  year={2012},
  publisher={INFORMS}
}


@article{uetake2017success,
  title={Success Breeds Success: Weight Loss Dynamics in the Presence of Short-Term and Long-Term Goals},
  author={Uetake, Kosuke and Yang, Nathan},
  year={2017}
}

@article{proserpio2017online,
  title={Online reputation management: Estimating the impact of management responses on consumer reviews,},
  author={Proserpio, Davide and Zervas, Georgios},
  journal={Marketing Science},
  year={2017},
  publisher={INFORMS}
}
@article{tirunillai2014mining,
  title={Mining marketing meaning from online chatter: Strategic brand analysis of big data using latent {Dirichlet} allocation,},
  author={Tirunillai, Seshadri and Tellis, Gerard J},
  journal={Journal of Marketing Research},
  volume={51},
  number={4},
  pages={463--479},
  year={2014},
  publisher={American Marketing Association}
}

@article{luca2011reviews,
  title={Reviews, reputation, and revenue: The case of {Yelp.com},},
  author={Luca, Michael},
  journal={Harvard Business School NOM Unit Working Paper},
  number={12-016},
  year={2011}
}
@article{chevalier2006effect,
  title={The effect of word of mouth on sales: Online book reviews,},
  author={Chevalier, Judith and Mayzlin, Dina},
  journal={Journal of Marketing Research},
  volume={43},
  number={3},
  pages={345--354},
  year={2006},
  publisher={American Marketing Association}
}
@article{ye2009impact,
  title={The Impact of Online User Reviews on Hotel Room Sales,},
  author={Ye, Qiang and Law, Rob and Gu, Bin},
  journal={International Journal of Hospitality Management},
  volume={28},
  number={1},
  pages={180--182},
  year={2009},
  publisher={Elsevier}
}
@article{zhu2010impact,
  title={Impact of online consumer reviews on sales: The moderating role of product and consumer characteristics,},
  author={Zhu, Feng and Zhang, Xiaoquan},
  journal={Journal of Marketing},
  volume={74},
  number={2},
  pages={133--148},
  year={2010},
  publisher={American Marketing Association}
}
@TECHREPORT{hoteliersguide,
  AUTHOR =        {{Travel Media Group}},
  TITLE =         {Hotelier's guide to responding to online reviews,},
  INSTITUTION =   {Travel Media Group},
  ADDRESS =       {Maitland, FL},
  MONTH =         {Marck},
  YEAR  =         {2015},
  URL   =         {http://travelmediagroup.com/white-papers/hoteliers-guide-to-responding-to-online-reviews/},
  CONTACT =       {custserv@travelmediagrooup.com}
}
@article{mayzlin2014promotional,
  title={Promotional reviews: An empirical investigation of online review manipulation,},
  author={Mayzlin, Dina and Dover, Yaniv and Chevalier, Judith},
  journal={The American Economic Review},
  volume={104},
  number={8},
  pages={2421--2455},
  year={2014},
  publisher={American Economic Association}
}

@article{ma2015squeaky,
  title={The Squeaky Wheel Gets the Grease—{An} Empirical Analysis of Customer Voice and Firm Intervention on {Twitter},},
  author={Ma, Liye and Sun, Baohong and Kekre, Sunder},
  journal={Marketing Science},
  volume={34},
  number={5},
  pages={627--645},
  year={2015},
  publisher={INFORMS}
}
@article{chevalier2016channels,
  title={Channels of Impact: User reviews when quality is dynamic and managers respond,},
  author={Chevalier, Judith A and Dover, Yaniv and Mayzlin, Dina},
  journal={Available at SSRN},
  year={2016}
}
@article{gu2014first,
  title={First step in social media: Measuring the influence of online management responses on customer satisfaction,},
  author={Gu, Bin and Ye, Qiang},
  journal={Production and Operations Management},
  volume={23},
  number={4},
  pages={570--582},
  year={2014},
  publisher={Wiley Online Library}
}
@article{spreng1995service,
  title={Service recovery: {Impact} on satisfaction and intentions,},
  author={Spreng, Richard A and Harrell, Gilbert D and Mackoy, Robert D},
  journal={Journal of Services Marketing},
  volume={9},
  number={1},
  pages={15--23},
  year={1995},
  publisher={MCB UP Ltd}
}
@article{davidow2000bottom,
  title={The bottom line impact of organizational responses to customer complaints,},
  author={Davidow, Moshe},
  journal={Journal of Hospitality \& Tourism Research},
  volume={24},
  number={4},
  pages={473--490},
  year={2000},
  publisher={SAGE Publications}
}
@book{blau1964exchange,
  title={Exchange and Power in Social Life,},
  author={Blau, Peter Michael},
  year={1964},
  publisher={Transaction Publishers}
}
@article{tsai2002mechanisms,
  title={Mechanisms linking employee affective delivery and customer behavioral intentions.,},
  author={Tsai, Wei-Chi and Huang, Yin-Mei},
  journal={Journal of Applied Psychology},
  volume={87},
  number={5},
  pages={1001},
  year={2002},
  publisher={American Psychological Association}
}
@article{card1994minimum,
  title={Minimum Wages and Employment: A Case Study of the Fast-Food Industry in {New Jersey} and {Pennsylvania},},
  author={Card, David and Kreuger, Alan B.},
  journal={American Economic Review},
  volume={84},
  number={4},
  pages={772--793},
  year={1994}
}
@article{knox2014customer,
  title={Customer complaints and recovery effectiveness: A customer base approach,},
  author={Knox, George and Van Oest, Rutger},
  journal={Journal of Marketing},
  volume={78},
  number={5},
  pages={42--57},
  year={2014},
  publisher={American Marketing Association}
}
@book{brehm1966theory,
  title={{A Theory of Psychological Reactance.},},
  author={Brehm, Jack W},
  year={1966},
  publisher={Academic Press}
}
@article{sparks2014triple,
  title={A {“Triple A”} typology of responding to negative consumer-generated online reviews,},
  author={Sparks, Beverley A and Bradley, Graham L},
  journal={Journal of Hospitality \& Tourism Research},
  volume = {41},
  number = {6},
  pages={719-745},
  year={2017},
  publisher={SAGE Publications}
}
@article{pavlou2006nature,
  title={The nature and role of feedback text comments in online marketplaces: Implications for trust building, price premiums, and seller differentiation,},
  author={Pavlou, Paul A and Dimoka, Angelika},
  journal={Information Systems Research},
  volume={17},
  number={4},
  pages={392--414},
  year={2006},
  publisher={INFORMS}
}
@article{blei2003latent,
  title={Latent {Dirichlet} Allocation,},
  author={Blei, David M and Ng, Andrew Y and Jordan, Michael I},
  journal={Journal of Machine Learning Research},
  volume={3},
  number={Jan},
  pages={993--1022},
  year={2003}
}
@misc{tafactsheet,
  title = {{Fact Sheet - TripAdvisor},},
  howpublished = "\url{http://www.tripadvisor.co.uk/PressCenter-c4-Fact_Sheet.html}",
  year = {2015}, 
  note = "[Online; accessed 9-June-2015]"
}
@misc{american2015lodging,
author = {AHLA},
  title = {{2014 Lodging Industry Profile},},
  howpublished = "\url{https://www.ahla.com/content.aspx?id=36332}",
  year = {2014}, 
  note = "[Online; accessed 9-June-2015]"
}
@misc{wttc2015,
author = {WTTC},
  title = {{Economic Impact of Travel \& Tourism 2015 Annual Update},},
  howpublished = "\url{https://www.wttc.org}",
  year = {2015}, 
  note = "[Online; accessed 9-June-2015]"
}
@article{groth2009customer,
  title={Customer reactions to emotional labor: The roles of employee acting strategies and customer detection accuracy,},
  author={Groth, Markus and Hennig-Thurau, Thorsten and Walsh, Gianfranco},
  journal={Academy of Management Journal},
  volume={52},
  number={5},
  pages={958--974},
  year={2009},
  publisher={Academy of Management}
}
@article{ashenfelter1978estimating,
  title={Estimating the effect of training programs on earnings,},
  author={Ashenfelter, Orley},
  journal={Review of Economics and Statistics},
  pages={47--57},
  year={1978},
  publisher={JSTOR}
}
@misc{ExpediaOTA,
author = {Schaal, Dennis},
  title = {{Expedia Gained U.S. Market Share After Acquisitions But Lost It Everywhere Else},},
  howpublished = "\url{https://skift.com/2016/02/16/expedia-gained-u-s-market-share-after-acquisitions-but-lost-it-everywhere-else/}",
  year = {2016}, 
  note = "[Online; accessed 13-March-2017]"
}
@misc{ReviewPro,
author = {Craig, Daniel Edward},
  title = {{Managing and responding to reviews on OTAs: Hotel industry experts weigh in},},
  howpublished = "\url{https://www.reviewpro.com/blog/managing-responding-reviews-otas-hotel-industry-experts-weigh-in-blog-online-reputation-expedia/}",
  year = {2013}, 
  note = "Online; accessed 26-August-2016"
}

@article{david2016foreign,
  title={Foreign Competition and Domestic Innovation: Evidence from {U.S.} Patents,},
  author={David, H and Dorn, David and Hanson, Gordon H and Pisano, Gary P and Shu, Pian},
  year={2016},
  journal={NBER Working Paper No. 22879}
}
@article{luca2016fake,
  title={Fake it till you make it: Reputation, competition, and {Yelp} review fraud,},
  author={Luca, Michael and Zervas, Georgios},
  journal={Management Science},
  volume={62},
  number={12},
  pages={3412--3427},
  year={2016},
  publisher={INFORMS}
}
@article{zhang2017modeling,
  title={Modeling the role of message content and influencers in social media rebroadcasting},
  author={Zhang, Yuchi and Moe, Wendy W and Schweidel, David A},
  journal={International Journal of Research in Marketing},
  volume={34},
  number={1},
  pages={100--119},
  year={2017},
  publisher={Elsevier}
}

@article{godes2012sequential,
  title={Sequential and temporal dynamics of online opinion,},
  author={Godes, David and Silva, Jos{\'e} C},
  journal={Marketing Science},
  volume={31},
  number={3},
  pages={448--473},
  year={2012},
  publisher={INFORMS}
}
@article{moe2011value,
  title={The value of social dynamics in online product ratings forums,},
  author={Moe, Wendy W and Trusov, Michael},
  journal={Journal of Marketing Research},
  volume={48},
  number={3},
  pages={444--456},
  year={2011},
  publisher={American Marketing Association}
}
@article{moe2012online,
  title={Online product opinions: Incidence, evaluation, and evolution,},
  author={Moe, Wendy W and Schweidel, David A},
  journal={Marketing Science},
  volume={31},
  number={3},
  pages={372--386},
  year={2012},
  publisher={INFORMS}
}
